@article{AharoniMP90,
  author    = {R. Aharoni and
               E. C. Milner and
               K. Prikry},
  title     = {Unfriendly partitions of a graph},
  journal   = {J. Comb. Theory, Ser. B},
  volume    = {50},
  number    = {1},
  year      = {1990},
  pages     = {1-10},
  ee        = {http://dx.doi.org/10.1016/0095-8956(90)90092-E},
  bibsource = {DBLP, http://dblp.uni-trier.de}
}


@article{BazganTV08,
  author    = {C. Bazgan and
               Z. Tuza and
               D. Vanderpooten},
  title     = {Approximation of satisfactory bisection problems},
  journal   = {J. Comput. Syst. Sci.},
  volume    = {74},
  number    = {5},
  year      = {2008},
  pages     = {875-883},
  ee        = {http://dx.doi.org/10.1016/j.jcss.2007.12.001},
  bibsource = {DBLP, http://dblp.uni-trier.de}
}

@article{BazganTV10,
  author    = {C. Bazgan and
               Z. Tuza and
               D. Vanderpooten},
  title     = {Satisfactory graph partition, variants, and generalizations},
  journal   = {Eur. J. Oper. Res.},
  volume    = {206},
  number    = {2},
  year      = {2010},
  pages     = {271-280},
  ee        = {http://dx.doi.org/10.1016/j.ejor.2009.10.019},
  bibsource = {DBLP, http://dblp.uni-trier.de}
}

@article{BramoulleLGV04,
  author    = {Y. Bramoull{\'e} and
               D. L{\'o}pez-Pintado and
               S. Goyal and
               F. Vega-Redondo},
  title     = {Network formation and anti-coordination games},
  journal   = {Int. J. Game Theory},
  volume    = {33},
  number    = {1},
  year      = {2004},
  pages     = {1-19},
  ee        = {http://dx.doi.org/10.1007/s001820400178},
  bibsource = {DBLP, http://dblp.uni-trier.de}
}

@article{BruhnDGS10,
  author    = {H. Bruhn and
               R. Diestel and
               A. Georgakopoulos and
               P. Spr{\"u}ssel},
  title     = {Every rayless graph has an unfriendly partition},
  journal   = {Combinatorica},
  volume    = {30},
  number    = {5},
  year      = {2010},
  pages     = {521-532},
  ee        = {http://dx.doi.org/10.1007/s00493-010-2590-3},
  bibsource = {DBLP, http://dblp.uni-trier.de}
}


@article{CaoY12a,
  author    = {Z. Cao and
               X. Yang},
  title     = {The Fashion Game: Matching Pennies On Social Networks},
  journal   = {SSRN},
  year      = {2012}
}

@article{CaoY12b,
  author    = {Z. Cao and
               X. Yang},
  title     = {A note on anti-coordination and social interactions},
  journal   = {CoRR},
  volume    = {abs/1201.0410},
  year      = {2012},
  ee        = {http://arxiv.org/abs/1201.0410},
  bibsource = {DBLP, http://dblp.uni-trier.de}
}

@inproceedings{ChaudhuriGJ08,
  author    = {K. Chaudhuri and
               F. C. Graham and
               M. Shoaib Jamall},
  title     = {A Network Coloring Game},
  booktitle = {WINE},
  year      = {2008},
  pages     = {522-530},
  ee        = {http://dx.doi.org/10.1007/978-3-540-92185-1_58},
  bibsource = {DBLP, http://dblp.uni-trier.de}
}

@unpublished{CowanE,
  author	= {R. Cowen and W. Emerson},
  title	= {Proportional colorings of graphs},
  note	= {unpublished}
}

@inproceedings{ElsasserT11,
  author    = {R. Els{\"a}sser and
               T. Tscheuschner},
  title     = {Settling the Complexity of Local Max-Cut (Almost) Completely},
  booktitle = {ICALP (1)},
  year      = {2011},
  pages     = {171-182},
  ee        = {http://dx.doi.org/10.1007/978-3-642-22006-7_15},
  bibsource = {DBLP, http://dblp.uni-trier.de}
}


@inproceedings{EscoffierGM10,
  author    = {B. Escoffier and
               L. Gourv{\`e}s and
               J. Monnot},
  title     = {Strategic Coloring of a Graph},
  booktitle = {CIAC},
  year      = {2010},
  pages     = {155-166},
  ee        = {http://dx.doi.org/10.1007/978-3-642-13073-1_15},
  bibsource = {DBLP, http://dblp.uni-trier.de}
}

@book{GareyJ79,
 author = {Garey, M. R. and Johnson, D. S.},
 title = {Computers and Intractability: A Guide to the Theory of NP-Completeness},
 year = {1979},
 isbn = {0716710447},
 publisher = {W. H. Freeman \& Co.},
 address = {New York, NY, USA},
} 

@article{KearnsSM06,
    author = {M. Kearns and S. Suri and N. Montfort},
    title = {A behavioral study of the coloring problem on human subject networks},
    journal = {Science},
    year = {2006},
    volume = {313},
    pages = {2006}
}

@inproceedings{MonienT10,
  author    = {B. Monien and
               T. Tscheuschner},
  title     = {On the Power of Nodes of Degree Four in the Local Max-Cut
               Problem},
  booktitle = {CIAC},
  year      = {2010},
  pages     = {264-275},
  ee        = {http://dx.doi.org/10.1007/978-3-642-13073-1_24},
  bibsource = {DBLP, http://dblp.uni-trier.de}
}

@inproceedings{NaorS93,
   author = {Naor, M. and Stockmeyer, L.},
   title = {What can be computed locally?},
   booktitle = {STOC '93},
   year = {1993},
   isbn = {0-89791-591-7},
   pages = {184--193},
   numpages = {10},
   url = {http://doi.acm.org/10.1145/167088.167149},
   doi = {10.1145/167088.167149},
   acmid = {167149},
   publisher = {ACM},
} 

@article{ShafiqueD09,
  author    = {K. Shafique and
               R. D. Dutton},
  title     = {Partitioning a graph into alliance free sets},
  journal   = {Discrete Mathematics},
  volume    = {309},
  number    = {10},
  year      = {2009},
  pages     = {3102-3105},
  ee        = {http://dx.doi.org/10.1016/j.disc.2008.08.011},
  bibsource = {DBLP, http://dblp.uni-trier.de}
}

@article{ShelahM90,
  author	= {S. Shelah and E. C. Milner},
  title	= {Graphs with no unfriendly partitions},
  journal	= {A tribute to Paul Erd{\"o}s},
  publisher	= {Cambridge University Press},
  location =	{Cambridge},
  year = 	{1990},
  pages =	{ 373-384}
}

@article{vandenHeuvel98,
 author = {van den Heuvel, J. and Leese, R. A. and Shepherd, M. A.},
 title = {Graph labeling and radio channel assignment},
 journal = {J. Graph Theory},
 issue_date = {December 1998},
 volume = {29},
 number = {4},
 month = dec,
 year = {1998},
 issn = {0364-9024},
 pages = {263--283},
 numpages = {21},
 url = {http://dx.doi.org/10.1002/(SICI)1097-0118(199812)29:4\<\>1.0.CO;2-A},
 doi = {10.1002/(SICI)1097-0118(199812)29:4\<\>1.0.CO;2-A},
 acmid = {1379176},
 publisher = {John Wiley \& Sons, Inc.},
 address = {New York, NY, USA},
} 


@InProceedings{KP99,
  author =       {E. Koutsoupias and C. Papadimitriou},
  title =        {Worst-case equilibria},
  booktitle =    {STACS},
  year =         1999,
  month =        {4--6 } # mar,
  pages =        {404--413},
  address =      {Trier, Germany},
}

@article{RT02,
 author = {Roughgarden, T. and Tardos, \'{E}.},
 title = {How bad is selfish routing?},
 journal = {J. ACM},
 issue_date = {March 2002},
 volume = {49},
 number = {2},
 month = mar,
 year = {2002},
 issn = {0004-5411},
 pages = {236--259},
 numpages = {24},
 url = {http://doi.acm.org/10.1145/506147.506153},
 doi = {10.1145/506147.506153},
 acmid = {506153},
 publisher = {ACM},
 address = {New York, NY, USA},
 keywords = {Braess's Paradox, Nash equilibria, network flow, selfish routing},
} 


@InProceedings{FKKMS02,
  author =       {D. Fotakis and S. Kontogiannis and E. Koutsoupias
                  and M. Mavronicolas and P. Spirakis},
  title =        {The Structure and Complexity of Nash Equilibria
                  for a Selfish Routing Game.},
  booktitle =    {ICALP},
  year =         2002,
  address =      {Malaga, Spain},
  pages =        {123--134},
}

@inproceedings{PS08,
 author = {Panagopoulou, P. N. and Spirakis, P. G.},
 title = {A Game Theoretic Approach for Efficient Graph Coloring},
 booktitle = {ISAAC '08},
 year = {2008},
 isbn = {978-3-540-92181-3},
 pages = {183--195},
 numpages = {13},
} 

@inproceedings{CKPS10,
 author = {Chatzigiannakis, I. and Koninis, C. and Panagopoulou, P. N. and Spirakis, P. G.},
 title = {Distributed game-theoretic vertex coloring},
 booktitle = {OPODIS'10},
 year = {2010},
 isbn = {3-642-17652-6, 978-3-642-17652-4},
 pages = {103--118},
 numpages = {16},
} 

@inproceedings{EGM12,
 author = {Escoffier, B. and Gourv\`{e}s, L. and Monnot, J.},
 title = {Strategic coloring of a graph},
 booktitle = {CIAC'10},
 year = {2010},
 isbn = {3-642-13072-0, 978-3-642-13072-4},
 location = {Rome, Italy},
 pages = {155--166},
 numpages = {12},
 url = {http://dx.doi.org/10.1007/978-3-642-13073-1_15},
 doi = {10.1007/978-3-642-13073-1_15},
 acmid = {2175992},
 publisher = {Springer-Verlag},
 address = {Berlin, Heidelberg},
} 

@article{M96,
title = "Potential Games ",
journal = "Games and Economic Behavior ",
volume = "14",
number = "1",
pages = "124 - 143",
year = "1996",
note = "",
issn = "0899-8256",
doi = "10.1006/game.1996.0044",
url = "http://www.sciencedirect.com/science/article/pii/S0899825696900445",
author = "Dov Monderer and Lloyd S. Shapley"
}

@phdthesis{Hoefer2007,
  author    = {M. Hoefer},
  title     = {Cost sharing and clustering under distributed competition},
  year      = {2007},
  ee        = {http://www.ub.uni-konstanz.de/kops/volltexte/2007/3843/},
  bibsource = {DBLP, http://dblp.uni-trier.de},
  school = {Universit{\"a}t Konstanz, Germany}
}

@INPROCEEDINGS{G09,
    author = {L. Gourv\`{e}s and J. Monnot},
    title = {On strong equilibria in the max cut game},
    booktitle = {In: Proc. of WINE 2009, Springer LNCS},
    year = {2009},
    pages = {608-615}
}
