@incollection{Ho2012,
    Title = {On Triangular versus Edge Representations --- Towards Scalable Modeling of Networks},
    Url = {http://books.nips.cc/papers/files/nips25/NIPS2012_1048.pdf},
    Booktitle = {Advances in Neural Information Processing Systems 25},
    Author = {Qirong Ho and Junming Yin and Eric P. Xing},
    Editor = {P. Bartlett and F.c.n. Pereira and C.j.c. Burges and L. Bottou and K.q. Weinberger},
    Year = {2012},
    Pages = {2141--2149}
   } 

@article{Ravasz2002,
author = {Ravasz, E. and Somera, A. L. and Mongru, D. A. and Oltvai, Z. N. and Barab‡si, A.-L.}, 
title = {Hierarchical Organization of Modularity in Metabolic Networks},
volume = {297}, 
number = {5586}, 
pages = {1551-1555}, 
year = {2002}, 
doi = {10.1126/science.1073374}, 
URL = {http://www.sciencemag.org/content/297/5586/1551.abstract}, 
eprint = {http://www.sciencemag.org/content/297/5586/1551.full.pdf}, 
journal = {Science} 
}


@article{Kivela14,
    author = {Kivela, M. and Arenas, A. and Barthelemy, M. and Gleeson, J. P. and Moreno, Y. and Porter, M. A.},
    day = {14},
    doi = {10.1093/comnet/cnu016},
    issn = {2051-1329},
    journal = {Journal of Complex Networks},
    keywords = {multilayer-networks, multiplex-networks, review},
    month = jul,
    number = {3},
    pages = {203--271},
    posted-at = {2014-07-15 14:37:22},
    priority = {2},
    publisher = {Oxford University Press},
    title = {{Multilayer networks}},
    url = {http://dx.doi.org/10.1093/comnet/cnu016},
    volume = {2},
    year = {2014}
}

@article{Jeub14,
  author    = {Lucas G. S. Jeub and
               Prakash Balachandran and
               Mason A. Porter and
               Peter J. Mucha and
               Michael W. Mahoney},
  title     = {Think Locally, Act Locally: The Detection of Small, Medium-Sized,
               and Large Communities in Large Networks},
  journal   = {CoRR},
  year      = {2014},
  volume    = {abs/1403.3795},
  url       = {http://arxiv.org/abs/1403.3795},
}

@article{Wang14,
    author = {Wang, Bo and Mezlini, Aziz M. and Demir, Feyyaz and Fiume, Marc and Tu, Zhuowen and Brudno, Michael and Haibe-Kains, Benjamin and Goldenberg, Anna},
    title = {Similarity network fusion for aggregating data types on a genomic scale},
    journal = {Nat Meth},
    pages = {333--337},
    volume = {11},
    year = {2014}
}

@article{Shiga12,
  author = {Shiga, Motoki and Mamitsuka, Hiroshi},
  journal = {IEEE Trans. Knowl. Data Eng.},
  keywords = {dblp},
  number = 4,
  pages = {577-590},
  title = {A Variational Bayesian Framework for Clustering with Multiple Graphs.},
  volume = 24,
  year = 2012
}

@article{Rossi2012,
author    = {R. A. Rossi and L. McDowell and D. W. Aha and J. Neville},
title     = {Transforming Graph Data for Statistical Relational Learning},
journal   = {J. Artif. Intell. Res. (JAIR)},
volume    = {45},
year      = {2012},
pages     = {363-441},
}

@inproceedings{Xiang2010,
 author = {Xiang, R. and Neville, J. and Rogati, M.},
 title = {Modeling Relationship Strength in Online Social Networks},
 booktitle = {Proc. (19th) Int. Conf. on World Wide Web},
 series = {WWW '10},
 year = {2010},
 isbn = {978-1-60558-799-8},
 location = {Raleigh, NC, USA},
 pages = {981--990},
 numpages = {10},
 url = {http://doi.acm.org/10.1145/1772690.1772790},
 doi = {10.1145/1772690.1772790},
 acmid = {1772790},
 publisher = {ACM},
 address = {New York, NY, USA},
 keywords = {homophily, randomization, social influence, social networks},
}

@inproceedings{Gilbert2009,
 author = {Gilbert, E. and Karahalios, K.},
 title = {Predicting Tie Strength with Social Media},
 booktitle = {Proc. of SIGCHI Conf. on Human Factors in Computing Systems},
 series = {CHI '09},
 year = {2009},
 isbn = {978-1-60558-246-7},
 location = {Boston, MA, USA},
 pages = {211--220},
 numpages = {10},
 url = {http://doi.acm.org/10.1145/1518701.1518736},
 doi = {10.1145/1518701.1518736},
 acmid = {1518736},
 publisher = {ACM},
 address = {New York, NY, USA},
 keywords = {relationship modeling, sns, social media, social networks, tie strength, ties},
} 

@article{Rocklin2013,
   author={Rocklin, M. and Pinar, A.},
  title     = {On Clustering on Graphs with Multiple Edge Types},
  journal   = {Internet Mathematics},
  volume    = {9},
  number    = {1},
  year      = {2013},
  pages     = {82-112},
}

@inproceedings{Papalexakis2013,
  author    = {E. E. Papalexakis and
               L. Akoglu and
               D. Ience},
  title     = {Do more views of a graph help? Community detection and clustering
               in multi-graphs},
  booktitle = {FUSION},
  year      = {2013},
  pages     = {899-905},
}

@inproceedings{Tang2009,
 author = {Tang, W. and Lu, Z. and Dhillon, I. S.},
 title = {Clustering with Multiple Graphs},
 booktitle = {Proc. (2009) IEEE Int. Conf. on Data Mining},
 series = {ICDM '09},
 year = {2009},
 isbn = {978-0-7695-3895-2},
 pages = {1016--1021},
 numpages = {6},
 url = {http://dx.doi.org/10.1109/ICDM.2009.125},
 doi = {10.1109/ICDM.2009.125},
 acmid = {1677085},
 publisher = {IEEE Computer Society},
 address = {Washington, DC, USA},
 keywords = {clustering, multiple sources, graph, semi-supervised learning},
} 


@article{Tang2012,
  author    = {L. Tang and
               X. Wang and
               H. Liu},
  title     = {Community detection via heterogeneous interaction analysis},
  journal   = {Data Min. Knowl. Discov.},
  volume    = {25},
  number    = {1},
  year      = {2012},
  pages     = {1-33},
}

@article{Mucha2010,
  author    = {Mucha, P. J. and Richardson, T. and Macon, K. and Porter, M. A. and Onnela, J. P.},
  title     = {Community Structure in Time-Dependent, Multiscale, and Multiplex Networks},
  journal   = {Science},
  volume    = {328},
  number    = {5980},
  year      = {2010},
  pages     = {876-878},
}
 
@inproceedings{Berlingerio2011,
  author    = {M. Berlingerio and
               M. Coscia and
               F. Giannotti},
  title     = {Finding redundant and complementary communities in multidimensional
               networks},
  booktitle = {CIKM},
  year      = {2011},
  pages     = {2181-2184},
}

@inproceedings{Cai2005,
  author    = {D. Cai and
               Z. Shao and
               X. He and
               X. Yan and
               Jiawei Han},
  title     = {Community Mining from Multi-relational Networks},
  booktitle = {PKDD},
  year      = {2005},
  pages     = {445-452},
}

@article{Louvain,
  author={V. D. Blondel and J. Guillaume and R. Lambiotte and E. Lefebvre},
  title={Fast unfolding of communities in large networks},
  journal={J. of Stat. Mechanics: Theory and Experiment},
  volume={2008},
  number={10},
  pages={P10008},
  url={http://stacks.iop.org/1742-5468/2008/i=10/a=P10008},
  year={2008},
}

@article{Schapire90,
  author    = {R. E. Schapire},
  title     = {The Strength of Weak Learnability},
  journal   = {Machine Learning},
  volume    = {5},
  year      = {1990},
  pages     = {197-227},
}

@article{Bubeck12,
  author    = {S. Bubeck and
               N. Cesa-Bianchi},
  title     = {Regret Analysis of Stochastic and Nonstochastic Multi-armed
               Bandit Problems},
  journal   = {Foundations and Trends in Machine Learning},
  volume    = {5},
  number    = {1},
  year      = {2012},
  pages     = {1-122},
}

@inproceedings{Bubeck09,
  author    = {S. Bubeck and
               R. Munos and
               G. Stoltz},
  title     = {Pure Exploration in Multi-armed Bandits Problems},
  booktitle = {ALT},
  year      = {2009},
  pages     = {23-37},
}

@article{Arora12,
  author    = {S. Arora and
               E. Hazan and
               S. Kale},
  title     = {The Multiplicative Weights Update Method: a Meta-Algorithm
               and Applications},
  journal   = {Theory of Computing},
  volume    = {8},
  number    = {1},
  year      = {2012},
  pages     = {121-164},
}

@inproceedings{Ley02,
  author    = {M. Ley},
  title     = {The DBLP Computer Science Bibliography: Evolution, Research
               Issues, Perspectives},
  booktitle = {SPIRE},
  year      = {2002},
  pages     = {1-10},
}

@article{Newman06,
  author    = {Newman, M. E. J.},
  title     = {Modularity and community structure in networks},
  journal   = {Proceedings of the US National Academy of Sciences},
  volume    = {103},
  number    = {23},
  year      = {2006},
  pages     = {8577-8696},
}

@article{Danon05,
  author    = {L. Danon and J. Duch and A. Diaz-Guilera and A. Arenas},
  title     = {Comparing community structure identification},
  journal   = {J. Stat. Mech.},
  volume    = {2005},
  pages     = {P09008},
  year      = {2005},
}

@article{Wang87,
    author = {Wang, Y. and Wong, G.},
    citeulike-article-id = {8353348},
    journal = {J. Am. Statistic. Assoc.}, 
    local-url = {file://localhost/Users/blei/papers/WangWong1987.pdf},
    number = {397},
    pages = {8--19},
    posted-at = {2010-12-03 15:24:52},
    priority = {0},
    title = {{Stochastic Block Models for Directed Graphs}},
    volume = {82},
    year = {1987}
}

@article{Snijder97,
  title={Estimation and Prediction for Stochastic Blockmodels for Graphs with Latent Block Structure},
  author={T. A.B. Snijders and K. Nowicki},
  journal={Journal of Classification},
  year={1997},
  doi={10.1007/s003579900004},
  url={http://dx.doi.org/10.1007/s003579900004}
}

@article{Getoor2005,
  title={Link mining: a survey},
  author={Getoor, L. and Diehl, C. P},
  journal={ACM SIGKDD Explorations Newsletter},
  volume={7},
  number={2},
  pages={3--12},
  year={2005},
  publisher={ACM}
}

@inproceedings{Caceres2011,
  author    = {R. S. Caceres and
               T. Y. Berger-Wolf and
               R. Grossman},
  title     = {Temporal Scale of Processes in Dynamic Networks},
  booktitle = {ICDM Workshops},
  year      = {2011},
  pages     = {925-932},
}

@article{Balcan2008,
  title={A theory of learning with similarity functions},
  author={Balcan, M. and Blum, A. and Srebro, N.},
  journal={Machine Learning},
  volume={72},
  number={1-2},
  pages={89--112},
  year={2008},
  publisher={Springer US}
}

@book{Balcan2006,
  title={On a theory of kernels as similarity functions},
  author={Balcan, M. and Blum, A.},
  year={2006},
  publisher={Mansucript}
}

@article{Erdos60,
    author = {Erd\"{o}s, P. and R\'{e}nyi, A.},
    citeulike-article-id = {4012374},
    citeulike-linkout-0 = {http://www.renyi.hu/\~{}p\_erdos/Erdos.html\#1959-11},
    journal = {Publicationes Mathematicae (Debrecen)},
    keywords = {graphs, random},
    pages = {290--297},
    posted-at = {2009-02-28 00:47:14},
    priority = {2},
    title = {{On random graphs, I}},
    url = {http://www.renyi.hu/\~{}p\_erdos/Erdos.html\#1959-11},
    volume = {6},
    year = {1959}
}

@inproceedings{Aggarwal2011,
  author = {Aggarwal, C.C. and Xie, Y. and Yu, P.S.},
  booktitle = {SDM},
  pages = {391-402},
  publisher = {SIAM},
  title = {Towards Community Detection in Locally Heterogeneous Networks.},
  year = 2011
}

@inproceedings{Leskovec2008,
 author = {Leskovec, J. and Lang, K. J. and Dasgupta, A. and Mahoney, M. W.},
 title = {Statistical Properties of Community Structure in Large Social and Information Networks},
 booktitle = {Proc. (17th) Inter. Conf. on World Wide Web},
 series = {WWW '08},
 year = {2008},
 pages = {695--704},
 numpages = {10},
 publisher = {ACM},
} 

@article{Dice1945,
  author = {Dice, L. R.},
  journal = {Ecology},
  keywords = {similarity similarity-multiheteroset},
  month = {July},
  number = 3,
  pages = {297--302},
  timestamp = {2010-07-27T15:52:50.000+0200},
  title = {Measures of the Amount of Ecologic Association Between Species},
  url = {http://www.jstor.org/pss/1932409},
  volume = 26,
  year = 1945
}

@Article{Walktrap,
   author = {P. Pons and M. Latapy},
   title = {Computing Communities in Large Networks Using Random Walks},
   journal = {Journal of Graph Algorithms and Applications},
   year = {2006},
   volume = {10},
   number = {2},
   pages = {191--218},
   doi = {10.7155/jgaa.00124}
} 


@article{RealityMining,
  author    = {N. Eagle and
               A. Pentland},
  title     = {Reality mining: sensing complex social systems},
  journal   = {Personal and Ubiquitous Computing},
  volume    = {10},
  number    = {4},
  year      = {2006},
  pages     = {255-268},
}

@article{Adamic01,
    author = {L. Adamic and E. Adar},
    title = {Friends and Neighbors on the Web},
    journal = {Social Networks},
    year = {2001},
    volume = {25},
    pages = {211--230}
}

@article{Fortunato07,
author = {Fortunato, S. and Barth\'{e}l\'{e}my, M.}, 
title = {Resolution limit in community detection},
volume = {104}, 
number = {1}, 
pages = {36-41}, 
year = {2007}, 
doi = {10.1073/pnas.0605965104}, 
URL = {http://www.pnas.org/content/104/1/36.abstract}, 
eprint = {http://www.pnas.org/content/104/1/36.full.pdf+html}, 
journal = {Proc. of the National Academy of Sciences} 
}

@unpublished{mallet,
  added-at = {2006-04-11T14:59:28.000+0200},
  author = {McCallum, A. K.},
  biburl = {http://www.bibsonomy.org/bibtex/26dbb7b45a3a53997359a5e3c2677dc52/jaeschke},
  interhash = {a41946adb992cd2c89158609adc0d83f},
  intrahash = {6dbb7b45a3a53997359a5e3c2677dc52},
  keywords = {extraction learning information mallet machine},
  note = {http://mallet.cs.umass.edu},
  timestamp = {2006-04-11T14:59:28.000+0200},
  title = {{MALLET: A Machine Learning for Language Toolkit}},
  url = {http://mallet.cs.umass.edu},
  year = 2002
}

@inproceedings{Mccallum05,
  address = {Newport Beach, CA},
  author = {McCallum, A. and Corrada-Emmanuel, A. and Wang, X.},
  biburl = {http://www.bibsonomy.org/bibtex/254d09517ea95ee96c9b8e88931ab7fc5/marianne},
  booktitle = {Workshop on Link Analysis, Counterterrorism and Security},
  interhash = {b18c7c402f2e80217b08fc50d0930741},
  intrahash = {54d09517ea95ee96c9b8e88931ab7fc5},
  journal = {SIAM Int. Conf. on Data Mining},
  keywords = {enron sna},
  pages = {33--44},
  timestamp = {2007-01-18T19:06:13.000+0100},
  title = {The Author-Recipient-Topic Model for Topic and Role Discovery in Social Networks, with Application to Enron and Academic Email},
  year = 2005
}

@inproceedings{Miller2014,
    title = {Spectral Subgraph Detection with Corrupt Observations},
    author = {B. A. Miller and N. Arcolano},
    year = {2014},
    booktitle = {Proc. IEEE Int. Conf. Acoust., Speech and Signal Process.},
}

@inproceedings{EnronConf,
  author    = {B. Klimt and
               Y. Yang},
  title     = {The Enron Corpus: A New Dataset for Email Classification
               Research},
  booktitle = {ECML},
  year      = {2004},
  pages     = {217-226},
}

@inproceedings{CCK14,
    title = {A Boosting Approach to Learning Graph Representations},
    author = {R. Caceres and K. Carter and J. Kun},
    year = {2014},
    booktitle = {Proc. SIAM Int. Conf. Data Mining, Workshop on Mining Networks and Graphs},
    note = {To appear}
}

@article{nadakuditi2012,
  author = {R. R. Nadakuditi and
               M. E. J. Newman},
  title     = {Graph spectra and the detectability of community structure
               in networks},
  journal   = {CoRR},
  volume    = {abs/1205.1813},
  year      = {2012},
}

@article{kolda2009,
  title={Tensor decompositions and applications},
  author={Kolda, T. G. and Bader, B. W.},
  journal={SIAM review},
  volume={51},
  number={3},
  pages={455--500},
  year={2009},
  publisher={SIAM}
}




