@INPROCEEDINGS{1367222, 
author={Ghosh, T. and Pissinou, N. and Kia Makki}, 
booktitle={Local Computer Networks, 2004. 29th Annual IEEE International Conference on}, 
title={Collaborative trust-based secure routing against colluding malicious nodes in multi-hop ad hoc networks}, 
year={2004}, 
pages={224-231}, 
doi={10.1109/LCN.2004.36}, 
ISSN={0742-1303}, 
month={Nov},}

@ARTICLE{1039858, 
author={Papadimitratos, P. and Haas, Z.J.}, 
journal={Communications Magazine, IEEE}, 
title={Securing the Internet routing infrastructure}, 
year={2002}, 
volume={40}, 
number={10}, 
pages={60-68}, 
doi={10.1109/MCOM.2002.1039858}, 
ISSN={0163-6804}, 
month={Oct},}

@INPROCEEDINGS{1258478, 
author={Dan Pei and Massey, D. and Lixia Zhang}, 
booktitle={Global Telecommunications Conference, 2003. GLOBECOM '03. IEEE}, 
title={Detection of invalid routing announcements in RIP protocol}, 
year={2003}, 
volume={3}, 
pages={1450-1455 vol.3}, 
doi={10.1109/GLOCOM.2003.1258478}, 
month={Dec},}

@INPROCEEDINGS{1203939, 
author={Chakrabarti, A. and Manimaran, G.}, 
booktitle={Communications, 2003. ICC '03. IEEE International Conference on}, 
title={An efficient algorithm for malicious update detection recovery in distance vector protocols}, 
year={2003}, 
volume={3}, 
pages={1952-1956 vol.3}, 
doi={10.1109/ICC.2003.1203939}, 
month={May},}

@incollection{Lopez,
year={2004},
isbn={978-3-540-23563-7},
booktitle={Information and Communications Security},
volume={3269},
series={Lecture Notes in Computer Science},
editor={Lopez, Javier and Qing, Sihan and Okamoto, Eiji},
doi={10.1007/978-3-540-30191-2_28},
title={Securing the Destination-Sequenced Distance Vector Routing Protocol (S-DSDV)},
url={http://dx.doi.org/10.1007/978-3-540-30191-2_28},
publisher={Springer Berlin Heidelberg},
keywords={DSDV; Routing Security; Wireless Security; Security Analysis},
author={Wan, Tao and Kranakis, Evangelos and van Oorschot, PaulC.},
pages={358-374},
language={English}
}

@incollection{Tao,
year={2004},
isbn={978-3-540-22217-0},
booktitle={Applied Cryptography and Network Security},
volume={3089},
series={Lecture Notes in Computer Science},
editor={Jakobsson, Markus and Yung, Moti and Zhou, Jianying},
doi={10.1007/978-3-540-24852-1_8},
title={S-RIP: A Secure Distance Vector Routing Protocol},
url={http://dx.doi.org/10.1007/978-3-540-24852-1_8},
publisher={Springer Berlin Heidelberg},
keywords={Routing Security; Distance Vector; Distance Fraud; Security Analysis},
author={Wan, Tao and Kranakis, Evangelos and van Oorschot, PaulC.},
pages={103-119},
language={English}
}

@INPROCEEDINGS{579225, 
author={Smith, B.R. and Murthy, S. and Garcia-Luna-Aceves, J.J.}, 
booktitle={Network and Distributed System Security, 1997. Proceedings., 1997 Symposium on}, 
title={Securing distance-vector routing protocols}, 
year={1997}, 
pages={85-92}, 
doi={10.1109/NDSS.1997.579225}, 
month={Feb},}

@article{Hu2003175,
        title = "SEAD: secure efficient distance vector routing for mobile wireless ad hoc networks ",
        journal = "Ad Hoc Networks ",
        volume = "1",
        number = "1",
        pages = "175 - 192",
        year = "2003",
        note = "",
        issn = "1570-8705",
        doi = "http://dx.doi.org/10.1016/S1570-8705(03)00019-2",
        url = "http://www.sciencedirect.com/science/article/pii/S1570870503000192",
        author = "Yih-Chun Hu and David B. Johnson and Adrian Perrig"
}


@article{Hedrick,
	Author = {C. Hedrick}, 
	Title = {Routing Information Protocol}, 
	Journal = {RFC 1058}, 
	Year = {1988}}

@article{Malkin,
	Author = {G.S. Malkin}, 
	Title = {RIP version 2}, 
	Journal = {RFC 2453}, 
	Year = {1998}}

@article{Goodin,
	Author = {Dan Goodin},
	Journal = {arstechnica.com},
	Title = {Hacking Team orchestrated brazen BGP hack to hijack IPs it didn't own},
	Url = {http://arstechnica.com/security/2015/07/hacking-team-orchestrated-brazen-bgp-hack-to-hijack-ips-it-didnt-own/},
	Urldate = {2015-07-12},
	Year = {2015}}

@misc{Madory,
	Author = {Doug Madory},
	Date-Added = {2015-06-29 19:52:20 +0000},
	Date-Modified = {2015-06-29 20:01:11 +0000},
	Read = {0},
	Title = {UK traffic diverted through Ukraine},
	Url = {http://research.dyn.com/2015/03/uk-traffic-diverted-ukraine/},
	Urldate = {2015-03-13},
	Year = {2015}}

@article{GormanV13,
	Author = {Siobhan Gorman and Jennifer Valentino-DeVries},
	Journal = {The Wall Street Journal},
	Title = {New Details Show Broader NSA Surveillance Reach},
	Url = {http://www.wsj.com/articles/SB10001424127887324108204579022874091732470},
	Year = {2013},
	Bdsk-Url-1 = {http://www.wsj.com/articles/SB10001424127887324108204579022874091732470}}

@article{BarabasiA99,
	Author = {Barabasi, Albert-Laszlo and Albert, Reka},
	Doi = {10.1126/science.286.5439.509},
	Journal = {Science},
	Number = 5439,
	Pages = {509-512},
	Title = {Emergence of Scaling in Random Networks},
	Volume = 286,
	Year = {1999},
	Bdsk-Url-1 = {http://dx.doi.org/10.1126/science.286.5439.509}}

@article{WattsS98,
	Author = {Watts, D. J. and Strogatz, S. H.},
	Journal = {Nature},
	Number = {6684},
	Pages = {409--10},
	Title = {Collective dynamics of `small-world' networks.},
	Volume = {393},
	Year = {1998}}

@article{AlbertJB00,
	Author = {Raka Albert and Hawoong Jeong and Albert-Laszlo Barabasi},
	Journal = {Nature},
	Pages = {200--0},
	Title = {The Internet's Achilles' Heel: Error and attack tolerance of complex networks},
	Volume = {406},
	Year = {2000}}

@misc{Newman06,
	Author = {Newman, M.E.J.},
	Note = {Accessed: 2015-01-24},
	Title = {I},
	Url = {http://web.archive.org/web/20150124041405/http://www-personal.umich.edu/~mejn/netdata/},
	Year = {2006},
	Bdsk-Url-1 = {http://web.archive.org/web/20150124041405/http://www-personal.umich.edu/~mejn/netdata/}}

@article{Zachary77,
	Author = {Zachary, W.W.},
	Journal = {Journal of Anthropological Research},
	Pages = {452-473},
	Title = {An information flow model for conflict and fission in small groups},
	Volume = 33,
	Year = {1977}}

@article{Freeman77,
	Author = {Freeman, Linton C.},
	Journal = {Sociometry},
	Pages = {35--41},
	Title = {A Set of Measures of Centrality Based on Betweenness},
	Volume = 40,
	Year = {1977}}

@article{PadgettA93,
	Author = {Padgett, John F and Ansell, Christopher K},
	Journal = {American Journal of Sociology},
	Pages = {1259--1319},
	Publisher = {JSTOR},
	Title = {Robust Action and the Rise of the Medici, 1400-1434},
	Volume = {98},
	Year = {1993}}

@inproceedings{AkhoondiYM12,
	Author = {Masoud Akhoondi and Curtis Yu and Harsha V. Madhyastha},
	Bibsource = {dblp computer science bibliography, http://dblp.org},
	Biburl = {http://dblp.uni-trier.de/rec/bib/conf/sp/AkhoondiYM12},
	Booktitle = {{IEEE} Symposium on Security and Privacy, {SP} 2012, 21-23 May 2012, San Francisco, California, {USA}},
	Doi = {10.1109/SP.2012.35},
	Pages = {476--490},
	Timestamp = {Mon, 13 Oct 2014 23:09:17 +0200},
	Title = {LASTor: {A} Low-Latency AS-Aware Tor Client},
	Url = {http://doi.ieeecomputersociety.org/10.1109/SP.2012.35},
	Year = {2012},
	Bdsk-Url-1 = {http://doi.ieeecomputersociety.org/10.1109/SP.2012.35},
	Bdsk-Url-2 = {http://dx.doi.org/10.1109/SP.2012.35}}

@article{DolevEPZ09,
	Author = {Shlomi Dolev and Yuval Elovici and Rami Puzis and Polina Zilberman},
	Bibsource = {dblp computer science bibliography, http://dblp.org},
	Biburl = {http://dblp.uni-trier.de/rec/bib/journals/ipl/DolevEPZ09},
	Doi = {10.1016/j.ipl.2009.07.019},
	Journal = {Inf. Process. Lett.},
	Number = {20},
	Pages = {1172--1176},
	Timestamp = {Sun, 12 Oct 2014 06:22:18 +0200},
	Title = {Incremental deployment of network monitors based on Group Betweenness Centrality},
	Url = {http://dx.doi.org/10.1016/j.ipl.2009.07.019},
	Volume = {109},
	Year = {2009},
	Bdsk-Url-1 = {http://dx.doi.org/10.1016/j.ipl.2009.07.019}}

@inproceedings{FinkS11,
	Author = {Martin Fink and Joachim Spoerhase},
	Bibsource = {dblp computer science bibliography, http://dblp.org},
	Biburl = {http://dblp.uni-trier.de/rec/bib/conf/walcom/FinkS11},
	Booktitle = {{WALCOM:} Algorithms and Computation - 5th International Workshop, {WALCOM} 2011, New Delhi, India, February 18-20, 2011. Proceedings},
	Doi = {10.1007/978-3-642-19094-0_4},
	Pages = {9--20},
	Timestamp = {Sun, 12 Oct 2014 06:21:34 +0200},
	Title = {Maximum Betweenness Centrality: Approximability and Tractable Cases},
	Url = {http://dx.doi.org/10.1007/978-3-642-19094-0_4},
	Year = {2011},
	Bdsk-Url-1 = {http://dx.doi.org/10.1007/978-3-642-19094-0_4}}

@article{DingGWLZD11,
	Author = {Ling Ding and Xiaofeng Gao and Weili Wu and Wonjun Lee and Xu Zhu and Ding-Zhu Du},
	Ee = {http://dx.doi.org/10.1007/s11590-010-0208-8},
	Journal = {Optimization Letters},
	Number = {2},
	Pages = {297-306},
	Title = {An exact algorithm for minimum CDS with shortest path constraint in wireless networks},
	Volume = {5},
	Year = {2011}}

@inproceedings{GoldbergSHR10,
	Author = {Sharon Goldberg and Michael Schapira and Peter Hummon and Jennifer Rexford},
	Booktitle = {SIGCOMM},
	Ee = {http://doi.acm.org/10.1145/1851182.1851195},
	Pages = {87-98},
	Title = {How secure are secure interdomain routing protocols},
	Year = {2010}}

@article{NemhauserWF78,
	Author = {George Nemhauser and Laurence Wolsey and Marhsall Fisher},
	Doi = {10.1007/BF01588971},
	Issn = {0025-5610},
	Journal = {Mathematical Programming},
	Number = {1},
	Pages = {265-294},
	Publisher = {Springer-Verlag},
	Title = {An analysis of approximations for maximizing submodular set functions - I},
	Url = {http://dx.doi.org/10.1007/BF01588971},
	Volume = {14},
	Year = {1978},
	Bdsk-Url-1 = {http://dx.doi.org/10.1007/BF01588971}}

@article{Wolsey82,
	Author = {Laurence Wolsey},
	Doi = {10.1007/BF02579435},
	Issn = {0209-9683},
	Journal = {Combinatorica},
	Number = {4},
	Pages = {385-393},
	Publisher = {Springer-Verlag},
	Title = {An analysis of the greedy algorithm for the submodular set covering problem},
	Url = {http://dx.doi.org/10.1007/BF02579435},
	Volume = {2},
	Year = {1982},
	Bdsk-Url-1 = {http://dx.doi.org/10.1007/BF02579435}}

@article{Stone08,
	Author = {Brad Stone},
	Journal = {The New York Times},
	Title = {Pakistan Cuts Access to YouTube Worldwide},
	Url = {http://www.nytimes.com/2008/02/26/technology/26tube.html},
	Year = {2008},
	Bdsk-Url-1 = {http://www.nytimes.com/2008/02/26/technology/26tube.html}}

@article{BallaniFZ07,
	Acmid = {1282411},
	Address = {New York, NY, USA},
	Author = {Ballani, Hitesh and Francis, Paul and Zhang, Xinyang},
	Doi = {10.1145/1282427.1282411},
	Issn = {0146-4833},
	Issue_Date = {October 2007},
	Journal = {SIGCOMM Comput. Commun. Rev.},
	Keywords = {BGP, hijacking, interception, routing},
	Month = aug,
	Number = {4},
	Numpages = {12},
	Pages = {265--276},
	Publisher = {ACM},
	Title = {A Study of Prefix Hijacking and Interception in the Internet},
	Url = {http://doi.acm.org/10.1145/1282427.1282411},
	Volume = {37},
	Year = {2007},
	Bdsk-Url-1 = {http://doi.acm.org/10.1145/1282427.1282411},
	Bdsk-Url-2 = {http://dx.doi.org/10.1145/1282427.1282411}}

@article{NordstromD04,
	Acmid = {997152},
	Address = {New York, NY, USA},
	Author = {Nordstr\"{o}m, Ola and Dovrolis, Constantinos},
	Doi = {10.1145/997150.997152},
	Issn = {0146-4833},
	Issue_Date = {April 2004},
	Journal = {SIGCOMM Comput. Commun. Rev.},
	Month = apr,
	Number = {2},
	Numpages = {8},
	Pages = {1--8},
	Publisher = {ACM},
	Title = {Beware of BGP Attacks},
	Url = {http://doi.acm.org/10.1145/997150.997152},
	Volume = {34},
	Year = {2004},
	Bdsk-Url-1 = {http://doi.acm.org/10.1145/997150.997152},
	Bdsk-Url-2 = {http://dx.doi.org/10.1145/997150.997152}}

@inproceedings{GoldbergHJRW08,
	Acmid = {1402989},
	Address = {New York, NY, USA},
	Author = {Goldberg, Sharon and Halevi, Shai and Jaggard, Aaron D. and Ramachandran, Vijay and Wright, Rebecca N.},
	Booktitle = {Proceedings of the ACM SIGCOMM 2008 Conference on Data Communication},
	Doi = {10.1145/1402958.1402989},
	Isbn = {978-1-60558-175-0},
	Keywords = {bgp, incentives},
	Location = {Seattle, WA, USA},
	Numpages = {12},
	Pages = {267--278},
	Publisher = {ACM},
	Series = {SIGCOMM '08},
	Title = {Rationality and Traffic Attraction: Incentives for Honest Path Announcements in Bgp},
	Url = {http://doi.acm.org/10.1145/1402958.1402989},
	Year = {2008},
	Bdsk-Url-1 = {http://doi.acm.org/10.1145/1402958.1402989},
	Bdsk-Url-2 = {http://dx.doi.org/10.1145/1402958.1402989}}

@inproceedings{LevinSZ08,
	Acmid = {1374388},
	Address = {New York, NY, USA},
	Author = {Levin, Hagay and Schapira, Michael and Zohar, Aviv},
	Booktitle = {Proceedings of the Fortieth Annual ACM Symposium on Theory of Computing},
	Doi = {10.1145/1374376.1374388},
	Isbn = {978-1-60558-047-0},
	Keywords = {BGP, distributed algorithmic mechanism design, selfish routing},
	Location = {Victoria, British Columbia, Canada},
	Numpages = {10},
	Pages = {57--66},
	Publisher = {ACM},
	Series = {STOC '08},
	Title = {Interdomain Routing and Games},
	Url = {http://doi.acm.org/10.1145/1374376.1374388},
	Year = {2008},
	Bdsk-Url-1 = {http://doi.acm.org/10.1145/1374376.1374388},
	Bdsk-Url-2 = {http://dx.doi.org/10.1145/1374376.1374388}}

@article{ButlerFMR10,
	Author = {Butler, K. and Farley, T.R. and McDaniel, P. and Rexford, J.},
	Doi = {10.1109/JPROC.2009.2034031},
	Issn = {0018-9219},
	Journal = {Proceedings of the IEEE},
	Keywords = {Internet;routing protocols;security of data;BGP security;Internet;border gateway protocol;interdomain routing security;Authentication;BGP;authorization;border gateway protocol;integrity;interdomain routing;network security;networks;routing},
	Month = {Jan},
	Number = {1},
	Pages = {100-122},
	Title = {A Survey of BGP Security Issues and Solutions},
	Volume = {98},
	Year = {2010},
	Bdsk-Url-1 = {http://dx.doi.org/10.1109/JPROC.2009.2034031}}

@misc{JimCowie,
	Author = {Jim Cowie},
	Journal = {Dyn Research},
	Shorttitle = {The {New} {Threat}},
	Title = {The {New} {Threat}: {Targeted} {Internet} {Traffic} {Misdirection}},
	Url = {http://research.dyn.com/2013/11/mitm-internet-hijacking/},
	Urldate = {2015-06-03},
	Year = {2013},
	Bdsk-Url-1 = {http://research.dyn.com/2013/11/mitm-internet-hijacking/}}
