@article{GormanV13,
  year      = {2013},
  title     = {New Details Show Broader NSA Surveillance Reach},
  author    = {Siobhan Gorman and Jennifer Valentino-DeVries},
  journal   = {The Wall Street Journal},
  url       = {http://www.wsj.com/articles/SB10001424127887324108204579022874091732470},
}

@article{BarabasiA99,
  author = {Barabasi, Albert-Laszlo and Albert, Reka},
  doi = {10.1126/science.286.5439.509},
  journal = {Science},
  number = 5439,
  pages = {509-512},
  title = {Emergence of Scaling in Random Networks},
  volume = 286,
  year = 1999
}

@article{WattsS98,
    author = {Watts, D. J. and Strogatz, S. H.},
    journal = {Nature},
    number = {6684},
    pages = {409--10},
    title = {Collective dynamics of `small-world' networks.},
    volume = {393},
    year = {1998}
}

@article{AlbertJB00,
   author = {Réka Albert and Hawoong Jeong and Albert-László Barabási},
   title = {The Internet's Achilles' Heel: Error and attack tolerance of complex networks},
   journal = {Nature},
   year = {2000},
   volume = {406},
   pages = {200--0}
}

@misc{Newman06,
  title = {Network Data},
  author = {Newman, M.E.J.},
  howpublished = {\url{http://web.archive.org/web/20150124041405/http://www-personal.umich.edu/~mejn/netdata/}},
  note = {Accessed: 2015-01-24},
  year = 2006 
}

@article{Zachary77,
  author = {Zachary, W.W.},
  journal = {Journal of Anthropological Research},
  pages = {452-473},
  title = {An information flow model for conflict and fission in small groups},
  volume = 33,
  year = 1977
}

@article{Freeman77,
  author = {Freeman, Linton C.},
  journal = {Sociometry},
  pages = {35--41},
  title = {A Set of Measures of Centrality Based on Betweenness},
  volume = 40,
  year = 1977
}

@article{PadgettA93,
  title={Robust Action and the Rise of the Medici, 1400-1434},
  author={Padgett, John F and Ansell, Christopher K},
  journal={American Journal of Sociology},
  volume={98},
  pages={1259--1319},
  year={1993},
  publisher={JSTOR}
}


@inproceedings{AkhoondiYM12,
  author    = {Masoud Akhoondi and
               Curtis Yu and
               Harsha V. Madhyastha},
  title     = {LASTor: {A} Low-Latency AS-Aware Tor Client},
  booktitle = {{IEEE} Symposium on Security and Privacy, {SP} 2012, 21-23 May 2012,
               San Francisco, California, {USA}},
  year      = {2012},
  pages     = {476--490},
  url       = {http://doi.ieeecomputersociety.org/10.1109/SP.2012.35},
  doi       = {10.1109/SP.2012.35},
  timestamp = {Mon, 13 Oct 2014 23:09:17 +0200},
  biburl    = {http://dblp.uni-trier.de/rec/bib/conf/sp/AkhoondiYM12},
  bibsource = {dblp computer science bibliography, http://dblp.org}
}

@article{DolevEPZ09,
  author    = {Shlomi Dolev and
               Yuval Elovici and
               Rami Puzis and
               Polina Zilberman},
  title     = {Incremental deployment of network monitors based on Group Betweenness
               Centrality},
  journal   = {Inf. Process. Lett.},
  year      = {2009},
  volume    = {109},
  number    = {20},
  pages     = {1172--1176},
  url       = {http://dx.doi.org/10.1016/j.ipl.2009.07.019},
  doi       = {10.1016/j.ipl.2009.07.019},
  timestamp = {Sun, 12 Oct 2014 06:22:18 +0200},
  biburl    = {http://dblp.uni-trier.de/rec/bib/journals/ipl/DolevEPZ09},
  bibsource = {dblp computer science bibliography, http://dblp.org}
}

@inproceedings{FinkS11,
  author    = {Martin Fink and
               Joachim Spoerhase},
  title     = {Maximum Betweenness Centrality: Approximability and Tractable Cases},
  booktitle = {{WALCOM:} Algorithms and Computation - 5th International Workshop,
               {WALCOM} 2011, New Delhi, India, February 18-20, 2011. Proceedings},
  year      = {2011},
  pages     = {9--20},
  url       = {http://dx.doi.org/10.1007/978-3-642-19094-0_4},
  doi       = {10.1007/978-3-642-19094-0_4},
  timestamp = {Sun, 12 Oct 2014 06:21:34 +0200},
  biburl    = {http://dblp.uni-trier.de/rec/bib/conf/walcom/FinkS11},
  bibsource = {dblp computer science bibliography, http://dblp.org}
}



@article{DingGWLZD11,
  author    = {Ling Ding and
               Xiaofeng Gao and
               Weili Wu and
               Wonjun Lee and
               Xu Zhu and
               Ding-Zhu Du},
  title     = {An exact algorithm for minimum CDS with shortest path constraint
               in wireless networks},
  journal   = {Optimization Letters},
  volume    = {5},
  number    = {2},
  year      = {2011},
  pages     = {297-306},
  ee        = {http://dx.doi.org/10.1007/s11590-010-0208-8},
}

@inproceedings{GoldbergSHR10,
  author    = {Sharon Goldberg and
               Michael Schapira and
               Peter Hummon and
               Jennifer Rexford},
  title     = {How secure are secure interdomain routing protocols},
  booktitle = {SIGCOMM},
  year      = {2010},
  pages     = {87-98},
  ee        = {http://doi.acm.org/10.1145/1851182.1851195},
}

@article{NemhauserWF78,
  author    = {George Nemhauser and 
               Laurence Wolsey and 
               Marhsall Fisher},
  title     = {An analysis of approximations for maximizing submodular set functions - I},
  journal   = {Mathematical Programming},
  year      = {1978},
  pages     = {265-294},
  issn      = {0025-5610},
  volume    = {14},
  number    = {1},
  doi       = {10.1007/BF01588971},
  url       = {http://dx.doi.org/10.1007/BF01588971},
  publisher = {Springer-Verlag},
}

@article{Wolsey82,
  year      = {1982},
  issn      = {0209-9683},
  journal   = {Combinatorica},
  volume    = {2},
  number    = {4},
  doi       = {10.1007/BF02579435},
  title     = {An analysis of the greedy algorithm for the submodular set covering problem},
  url       = {http://dx.doi.org/10.1007/BF02579435},
  publisher = {Springer-Verlag},
  author    = {Laurence Wolsey},
  pages     = {385-393},
}

@article{Stone08,
  year      = {2008},
  title     = {Pakistan Cuts Access to YouTube Worldwide},
  author    = {Brad Stone},
  journal   = {The New York Times},
  url       = {http://www.nytimes.com/2008/02/26/technology/26tube.html},
}

@article{BallaniFZ07,
 author = {Ballani, Hitesh and Francis, Paul and Zhang, Xinyang},
 title = {A Study of Prefix Hijacking and Interception in the Internet},
 journal = {SIGCOMM Comput. Commun. Rev.},
 issue_date = {October 2007},
 volume = {37},
 number = {4},
 month = aug,
 year = {2007},
 issn = {0146-4833},
 pages = {265--276},
 numpages = {12},
 url = {http://doi.acm.org/10.1145/1282427.1282411},
 doi = {10.1145/1282427.1282411},
 acmid = {1282411},
 publisher = {ACM},
 address = {New York, NY, USA},
 keywords = {BGP, hijacking, interception, routing},
} 

@article{NordstromD04,
 author = {Nordstr\"{o}m, Ola and Dovrolis, Constantinos},
 title = {Beware of BGP Attacks},
 journal = {SIGCOMM Comput. Commun. Rev.},
 issue_date = {April 2004},
 volume = {34},
 number = {2},
 month = apr,
 year = {2004},
 issn = {0146-4833},
 pages = {1--8},
 numpages = {8},
 url = {http://doi.acm.org/10.1145/997150.997152},
 doi = {10.1145/997150.997152},
 acmid = {997152},
 publisher = {ACM},
 address = {New York, NY, USA},
} 

@inproceedings{GoldbergHJRW08,
 author = {Goldberg, Sharon and Halevi, Shai and Jaggard, Aaron D. and Ramachandran, Vijay and Wright, Rebecca N.},
 title = {Rationality and Traffic Attraction: Incentives for Honest Path Announcements in Bgp},
 booktitle = {Proceedings of the ACM SIGCOMM 2008 Conference on Data Communication},
 series = {SIGCOMM '08},
 year = {2008},
 isbn = {978-1-60558-175-0},
 location = {Seattle, WA, USA},
 pages = {267--278},
 numpages = {12},
 url = {http://doi.acm.org/10.1145/1402958.1402989},
 doi = {10.1145/1402958.1402989},
 acmid = {1402989},
 publisher = {ACM},
 address = {New York, NY, USA},
 keywords = {bgp, incentives},
} 

@inproceedings{LevinSZ08,
 author = {Levin, Hagay and Schapira, Michael and Zohar, Aviv},
 title = {Interdomain Routing and Games},
 booktitle = {Proceedings of the Fortieth Annual ACM Symposium on Theory of Computing},
 series = {STOC '08},
 year = {2008},
 isbn = {978-1-60558-047-0},
 location = {Victoria, British Columbia, Canada},
 pages = {57--66},
 numpages = {10},
 url = {http://doi.acm.org/10.1145/1374376.1374388},
 doi = {10.1145/1374376.1374388},
 acmid = {1374388},
 publisher = {ACM},
 address = {New York, NY, USA},
 keywords = {BGP, distributed algorithmic mechanism design, selfish routing},
} 

@ARTICLE{ButlerFMR10, 
   author={Butler, K. and Farley, T.R. and McDaniel, P. and Rexford, J.}, 
   journal={Proceedings of the IEEE}, 
   title={A Survey of BGP Security Issues and Solutions}, 
   year={2010}, 
   month={Jan}, 
   volume={98}, 
   number={1}, 
   pages={100-122}, 
   keywords={Internet;routing protocols;security of data;BGP security;Internet;border gateway protocol;interdomain routing security;Authentication;BGP;authorization;border gateway protocol;integrity;interdomain routing;network security;networks;routing}, 
   doi={10.1109/JPROC.2009.2034031}, 
   ISSN={0018-9219},
}
