@article{Rossi2012,
author    = {R. A. Rossi and L. McDowell and D. W. Aha and J. Neville},
title     = {Transforming Graph Data for Statistical Relational Learning},
journal   = {J. Artif. Intell. Res. (JAIR)},
volume    = {45},
year      = {2012},
pages     = {363-441},
}

@inproceedings{Xiang2010,
 author = {Xiang, R. and Neville, J. and Rogati, M.},
 title = {Modeling Relationship Strength in Online Social Networks},
 booktitle = {Proc. (19th) Int. Conf. on World Wide Web},
 series = {WWW '10},
 year = {2010},
 isbn = {978-1-60558-799-8},
 location = {Raleigh, NC, USA},
 pages = {981--990},
 numpages = {10},
 url = {http://doi.acm.org/10.1145/1772690.1772790},
 doi = {10.1145/1772690.1772790},
 acmid = {1772790},
 publisher = {ACM},
 address = {New York, NY, USA},
 keywords = {homophily, randomization, social influence, social networks},
}

@inproceedings{Gilbert2009,
 author = {Gilbert, E. and Karahalios, K.},
 title = {Predicting Tie Strength with Social Media},
 booktitle = {Proc. of SIGCHI Conf. on Human Factors in Computing Systems},
 series = {CHI '09},
 year = {2009},
 isbn = {978-1-60558-246-7},
 location = {Boston, MA, USA},
 pages = {211--220},
 numpages = {10},
 url = {http://doi.acm.org/10.1145/1518701.1518736},
 doi = {10.1145/1518701.1518736},
 acmid = {1518736},
 publisher = {ACM},
 address = {New York, NY, USA},
 keywords = {relationship modeling, sns, social media, social networks, tie strength, ties},
} 

@article{Rocklin2013,
   author={Rocklin, M. and Pinar, A.},
  title     = {On Clustering on Graphs with Multiple Edge Types},
  journal   = {Internet Mathematics},
  volume    = {9},
  number    = {1},
  year      = {2013},
  pages     = {82-112},
  ee        = {http://dx.doi.org/10.1080/15427951.2012.678191},
  bibsource = {DBLP, http://dblp.uni-trier.de}
}

@inproceedings{Papalexakis2013,
  author    = {E. E. Papalexakis and
               L. Akoglu and
               D. Ience},
  title     = {Do more views of a graph help? Community detection and clustering
               in multi-graphs},
  booktitle = {FUSION},
  year      = {2013},
  pages     = {899-905},
  ee        = {http://ieeexplore.ieee.org/xpl/freeabs_all.jsp?arnumber=6641090},
  crossref  = {DBLP:conf/fusion/2013},
  bibsource = {DBLP, http://dblp.uni-trier.de}
}

@inproceedings{Tang2009,
 author = {Tang, W. and Lu, Z. and Dhillon, I. S.},
 title = {Clustering with Multiple Graphs},
 booktitle = {Proc. (2009) IEEE Int. Conf. on Data Mining},
 series = {ICDM '09},
 year = {2009},
 isbn = {978-0-7695-3895-2},
 pages = {1016--1021},
 numpages = {6},
 url = {http://dx.doi.org/10.1109/ICDM.2009.125},
 doi = {10.1109/ICDM.2009.125},
 acmid = {1677085},
 publisher = {IEEE Computer Society},
 address = {Washington, DC, USA},
 keywords = {clustering, multiple sources, graph, semi-supervised learning},
} 


@article{Tang2012,
  author    = {L. Tang and
               X. Wang and
               H. Liu},
  title     = {Community detection via heterogeneous interaction analysis},
  journal   = {Data Min. Knowl. Discov.},
  volume    = {25},
  number    = {1},
  year      = {2012},
  pages     = {1-33},
  ee        = {http://dx.doi.org/10.1007/s10618-011-0231-0},
  bibsource = {DBLP, http://dblp.uni-trier.de}
}

@article{Mucha2010,
  author    = {Mucha, P. J. and Richardson, T. and Macon, K. and Porter, M. A. and Onnela, J. P.},
  title     = {Community Structure in Time-Dependent, Multiscale, and Multiplex Networks},
  journal   = {Science},
  volume    = {328},
  number    = {5980},
  year      = {2010},
  pages     = {876-878},
}
 
@inproceedings{Berlingerio2011,
  author    = {M. Berlingerio and
               M. Coscia and
               F. Giannotti},
  title     = {Finding redundant and complementary communities in multidimensional
               networks},
  booktitle = {CIKM},
  year      = {2011},
  pages     = {2181-2184},
  ee        = {http://doi.acm.org/10.1145/2063576.2063921},
  crossref  = {DBLP:conf/cikm/2011},
  bibsource = {DBLP, http://dblp.uni-trier.de}
}

@inproceedings{Cai2005,
  author    = {D. Cai and
               Z. Shao and
               X. He and
               X. Yan and
               Jiawei Han},
  title     = {Community Mining from Multi-relational Networks},
  booktitle = {PKDD},
  year      = {2005},
  pages     = {445-452},
  ee        = {http://dx.doi.org/10.1007/11564126_44},
  crossref  = {DBLP:conf/pkdd/2005},
  bibsource = {DBLP, http://dblp.uni-trier.de}
}

@article{Louvain,
  author={V. D. Blondel and J. Guillaume and R. Lambiotte and E. Lefebvre},
  title={Fast unfolding of communities in large networks},
  journal={J. of Stat. Mechanics: Theory and Experiment},
  volume={2008},
  number={10},
  pages={P10008},
  url={http://stacks.iop.org/1742-5468/2008/i=10/a=P10008},
  year={2008},
}

@article{Schapire90,
  author    = {R. E. Schapire},
  title     = {The Strength of Weak Learnability},
  journal   = {Machine Learning},
  volume    = {5},
  year      = {1990},
  pages     = {197-227},
  ee        = {http://dx.doi.org/10.1007/BF00116037},
  bibsource = {DBLP, http://dblp.uni-trier.de}
}

@article{Bubeck12,
  author    = {S. Bubeck and
               N. Cesa-Bianchi},
  title     = {Regret Analysis of Stochastic and Nonstochastic Multi-armed
               Bandit Problems},
  journal   = {Foundations and Trends in Machine Learning},
  volume    = {5},
  number    = {1},
  year      = {2012},
  pages     = {1-122},
  ee        = {http://dx.doi.org/10.1561/2200000024},
  bibsource = {DBLP, http://dblp.uni-trier.de}
}

@inproceedings{Bubeck09,
  author    = {S. Bubeck and
               R. Munos and
               G. Stoltz},
  title     = {Pure Exploration in Multi-armed Bandits Problems},
  booktitle = {ALT},
  year      = {2009},
  pages     = {23-37},
  ee        = {http://dx.doi.org/10.1007/978-3-642-04414-4_7},
  crossref  = {DBLP:conf/alt/2009},
  bibsource = {DBLP, http://dblp.uni-trier.de}
}

@article{Arora12,
  author    = {S. Arora and
               E. Hazan and
               S. Kale},
  title     = {The Multiplicative Weights Update Method: a Meta-Algorithm
               and Applications},
  journal   = {Theory of Computing},
  volume    = {8},
  number    = {1},
  year      = {2012},
  pages     = {121-164},
  ee        = {http://dx.doi.org/10.4086/toc.2012.v008a006},
  bibsource = {DBLP, http://dblp.uni-trier.de}
}

@inproceedings{Ley02,
  author    = {M. Ley},
  title     = {The DBLP Computer Science Bibliography: Evolution, Research
               Issues, Perspectives},
  booktitle = {SPIRE},
  year      = {2002},
  pages     = {1-10},
  crossref  = {DBLP:conf/spire/2002},
  bibsource = {DBLP, http://dblp.uni-trier.de}
}

@article{Newman06,
  author    = {Newman, M. E. J.},
  title     = {Modularity and community structure in networks},
  journal   = {Proceedings of the National Academy of Sciences of the United States of America},
  volume    = {103},
  number    = {23},
  year      = {2006},
  pages     = {8577-8696},
}

@article{Danon05,
  author    = {L. Danon and J. Duch and A. Diaz-Guilera and A. Arenas},
  title     = {Comparing community structure identification},
  journal   = {J. Stat. Mech.},
  volume    = {2005},
  pages     = {P09008},
  year      = {2005},
}

@article{Wang87,
    author = {Wang, Y. and Wong, G.},
    citeulike-article-id = {8353348},
    journal = {Journal of the American Statistical Association},
    local-url = {file://localhost/Users/blei/papers/WangWong1987.pdf},
    number = {397},
    pages = {8--19},
    posted-at = {2010-12-03 15:24:52},
    priority = {0},
    title = {{Stochastic Block Models for Directed Graphs}},
    volume = {82},
    year = {1987}
}

@article{Snijder97,
  title={Estimation and Prediction for Stochastic Blockmodels for Graphs with Latent Block Structure},
  author={T. A.B. Snijders and K. Nowicki},
  journal={Journal of Classification},
  year={1997},
  doi={10.1007/s003579900004},
  url={http://dx.doi.org/10.1007/s003579900004}
}

@article{Getoor2005,
  title={Link mining: a survey},
  author={Getoor, L. and Diehl, C. P},
  journal={ACM SIGKDD Explorations Newsletter},
  volume={7},
  number={2},
  pages={3--12},
  year={2005},
  publisher={ACM}
}

@inproceedings{Gallagher2008,
  title={Using ghost edges for classification in sparsely labeled networks},
  author={Gallagher, B. and Tong, H. and Eliassi-Rad, T. and Faloutsos, C.},
  booktitle={Proc. (14th) ACM SIGKDD Inter. Conf. on Knowledge Discovery and Data Mining},
  pages={256--264},
  year={2008},
  organization={ACM}
}

@inproceedings{Neville2005,
  title={Leveraging relational autocorrelation with latent group models},
  author={Neville, J. and Jensen, D.},
  booktitle={Proc. (4th) Inter. Workshop on Multi-relational Mining},
  pages={49--55},
  year={2005},
  organization={ACM}
}

@inproceedings{Caceres2011,
  author    = {R. S. Caceres and
               T. Y. Berger-Wolf and
               R. Grossman},
  title     = {Temporal Scale of Processes in Dynamic Networks},
  booktitle = {ICDM Workshops},
  year      = {2011},
  pages     = {925-932},
  ee        = {http://doi.ieeecomputersociety.org/10.1109/ICDMW.2011.165},
  crossref  = {DBLP:conf/icdm/2011w},
  bibsource = {DBLP, http://dblp.uni-trier.de}
}

@article{Balcan2008,
  title={A theory of learning with similarity functions},
  author={Balcan, M. and Blum, A. and Srebro, N.},
  journal={Machine Learning},
  volume={72},
  number={1-2},
  pages={89--112},
  year={2008},
  publisher={Springer US}
}

@book{Balcan2006,
  title={On a theory of kernels as similarity functions},
  author={Balcan, M. and Blum, A.},
  year={2006},
  publisher={Mansucript}
}

@article{Erdos60,
    author = {Erd\"{o}s, P. and R\'{e}nyi, A.},
    citeulike-article-id = {4012374},
    citeulike-linkout-0 = {http://www.renyi.hu/\~{}p\_erdos/Erdos.html\#1959-11},
    journal = {Publicationes Mathematicae (Debrecen)},
    keywords = {graphs, random},
    pages = {290--297},
    posted-at = {2009-02-28 00:47:14},
    priority = {2},
    title = {{On random graphs, I}},
    url = {http://www.renyi.hu/\~{}p\_erdos/Erdos.html\#1959-11},
    volume = {6},
    year = {1959}
}

@inproceedings{Aggarwal2011,
  author = {Aggarwal, C.C. and Xie, Y. and Yu, P.S.},
  booktitle = {SDM},
  crossref = {conf/sdm/2011},
  ee = {http://siam.omnibooksonline.com/2011datamining/data/papers/059.pdf#page=1},
  isbn = {978-0-898719-92-5},
  keywords = {dblp},
  pages = {391-402},
  publisher = {SIAM},
  title = {Towards Community Detection in Locally Heterogeneous Networks.},
  url = {http://dblp.uni-trier.de/db/conf/sdm/sdm2011.html#AggarwalXY11},
  year = 2011
}

@inproceedings{Leskovec2008,
 author = {Leskovec, J. and Lang, K. J. and Dasgupta, A. and Mahoney, M. W.},
 title = {Statistical Properties of Community Structure in Large Social and Information Networks},
 booktitle = {Proc. (17th) Inter. Conf. on World Wide Web},
 series = {WWW '08},
 year = {2008},
 isbn = {978-1-60558-085-2},
 location = {Beijing, China},
 pages = {695--704},
 numpages = {10},
 url = {http://doi.acm.org/10.1145/1367497.1367591},
 doi = {10.1145/1367497.1367591},
 acmid = {1367591},
 publisher = {ACM},
 address = {New York, NY, USA},
 keywords = {community structure, conductance, graph partitioning, random walks, social networks},
} 

@article{Dice1945,
  author = {Dice, L. R.},
  journal = {Ecology},
  keywords = {similarity similarity-multiheteroset},
  month = {July},
  number = 3,
  pages = {297--302},
  timestamp = {2010-07-27T15:52:50.000+0200},
  title = {Measures of the Amount of Ecologic Association Between Species},
  url = {http://www.jstor.org/pss/1932409},
  volume = 26,
  year = 1945
}

@article{Jaccard1912,
  author = {Jaccard, P.},
  journal = {New Phytologist},
  keywords = {12 Jaccard coefficient similarity},
  month = Feb,
  number = 2,
  pages = {37-50},
  timestamp = {2010-01-08T20:09:27.000+0100},
  title = {The Distribution of the Flora in the Alpine Zone },
  url = {http://www.jstor.org/stable/2427226?seq=3},
  volume = 11,
  year = 1912
}

@Article{Walktrap,
   author = {P. Pons and M. Latapy},
   title = {Computing Communities in Large Networks Using Random Walks},
   journal = {Journal of Graph Algorithms and Applications},
   year = {2006},
   volume = {10},
   number = {2},
   pages = {191--218},
   doi = {10.7155/jgaa.00124}
} 


@article{RealityMining,
  author    = {N. Eagle and
               A. Pentland},
  title     = {Reality mining: sensing complex social systems},
  journal   = {Personal and Ubiquitous Computing},
  volume    = {10},
  number    = {4},
  year      = {2006},
  pages     = {255-268},
  ee        = {http://dx.doi.org/10.1007/s00779-005-0046-3},
  bibsource = {DBLP, http://dblp.uni-trier.de}
}

@article{Adamic01,
    author = {L. Adamic and E. Adar},
    title = {Friends and Neighbors on the Web},
    journal = {Social Networks},
    year = {2001},
    volume = {25},
    pages = {211--230}
}

@article{Fortunato07,
author = {Fortunato, S. and Barth\'{e}l\'{e}my, M.}, 
title = {Resolution limit in community detection},
volume = {104}, 
number = {1}, 
pages = {36-41}, 
year = {2007}, 
doi = {10.1073/pnas.0605965104}, 
URL = {http://www.pnas.org/content/104/1/36.abstract}, 
eprint = {http://www.pnas.org/content/104/1/36.full.pdf+html}, 
journal = {Proceedings of the National Academy of Sciences} 
}

@unpublished{mallet,
  added-at = {2006-04-11T14:59:28.000+0200},
  author = {McCallum, A. K.},
  biburl = {http://www.bibsonomy.org/bibtex/26dbb7b45a3a53997359a5e3c2677dc52/jaeschke},
  interhash = {a41946adb992cd2c89158609adc0d83f},
  intrahash = {6dbb7b45a3a53997359a5e3c2677dc52},
  keywords = {extraction learning information mallet machine},
  note = {http://mallet.cs.umass.edu},
  timestamp = {2006-04-11T14:59:28.000+0200},
  title = {{MALLET: A Machine Learning for Language Toolkit}},
  url = {http://mallet.cs.umass.edu},
  year = 2002
}

@inproceedings{Mccallum05,
  address = {Newport Beach, CA},
  author = {McCallum, A. and Corrada-Emmanuel, A. and Wang, X.},
  biburl = {http://www.bibsonomy.org/bibtex/254d09517ea95ee96c9b8e88931ab7fc5/marianne},
  booktitle = {Workshop on Link Analysis, Counterterrorism and Security},
  interhash = {b18c7c402f2e80217b08fc50d0930741},
  intrahash = {54d09517ea95ee96c9b8e88931ab7fc5},
  journal = {SIAM International Conference on Data Mining},
  keywords = {enron sna},
  pages = {33--44},
  timestamp = {2007-01-18T19:06:13.000+0100},
  title = {The Author-Recipient-Topic Model for Topic and Role Discovery in Social Networks, with Application to Enron and Academic Email},
  year = 2005
}


@inproceedings{Gleich2012,
 author = {Gleich, D. F. and Seshadhri, C.},
 title = {Vertex Neighborhoods, Low Conductance Cuts, and Good Seeds for Local Community Methods},
 booktitle = {Proceedings of the 18th ACM SIGKDD International Conference on Knowledge Discovery and Data Mining},
 series = {KDD '12},
 year = {2012},
 isbn = {978-1-4503-1462-6},
 location = {Beijing, China},
 pages = {597--605},
 numpages = {9},
 url = {http://doi.acm.org/10.1145/2339530.2339628},
 doi = {10.1145/2339530.2339628},
 acmid = {2339628},
 publisher = {ACM},
 address = {New York, NY, USA},
 keywords = {clustering coefficients, conductance, egonets, triangles},
} 

@inproceedings{Miller2014,
    title = {Spectral Subgraph Detection with Corrupt Observations},
    author = {B. A. Miller and N. Arcolano},
    year = {2014},
    booktitle = {Proc. IEEE Int. Conf. Acoust., Speech and Signal Process.},
    note = {To appear}
}

@inproceedings{EnronConf,
  author    = {B. Klimt and
               Y. Yang},
  title     = {The Enron Corpus: A New Dataset for Email Classification
               Research},
  booktitle = {ECML},
  year      = {2004},
  pages     = {217-226},
  ee        = {http://dx.doi.org/10.1007/978-3-540-30115-8_22},
  crossref  = {DBLP:conf/ecml/2004},
  bibsource = {DBLP, http://dblp.uni-trier.de}
}

@misc{Enron,
  title = {Enron Email Dataset},
  howpublished = {\url{https://www.cs.cmu.edu/~enron/}}
}

@inproceedings{CCK14,
    title = {A Boosting Approach to Learning Graph Representations},
    author = {R. Caceres and K. Carter and J. Kun},
    year = {2014},
    booktitle = {Proc. SIAM Int. Conf. Data Mining, Workshop on Mining Networks and Graphs},
    note = {To appear}
}

@article{nadakuditi2012,
  author = {R. R. Nadakuditi and
               M. E. J. Newman},
  title     = {Graph spectra and the detectability of community structure
               in networks},
  journal   = {CoRR},
  volume    = {abs/1205.1813},
  year      = {2012},
  ee        = {http://arxiv.org/abs/1205.1813},
  bibsource = {DBLP, http://dblp.uni-trier.de}
}

