@article{RomeiR14,
author = {Romei,Andrea and Ruggieri,Salvatore},
title = {A multidisciplinary survey on discrimination analysis},
journal = {The Knowledge Engineering Review},
volume = {29},
issue = {05},
month = {11},
year = {2014},
issn = {1469-8005},
pages = {582--638},
numpages = {57},
doi = {10.1017/S0269888913000039}
}

@misc{PodestaPMHZ14,
author = "John Podesta and Penny Pritzker and Ernest J. Moniz and John Holdren and Jeffrey Zients",
year = "2014",
title = "Big Data: Seizing Opportunities, Preserving Values",
url = "https://www.whitehouse.gov/sites/default/files/docs/big_data_privacy_report_may_1_2014.pdf",
institution = "Executive Office of the President, the White House" 
} 

@article{FreundS97,
  author    = {Yoav Freund and
               Robert E. Schapire},
  title     = {A Decision-Theoretic Generalization of On-Line Learning and an Application
               to Boosting},
  journal   = {J. Comput. Syst. Sci.},
  volume    = {55},
  number    = {1},
  pages     = {119--139},
  year      = {1997}
}

@misc{Lichman13,
author = "M. Lichman",
year = "2013",
title = "{UCI} Machine Learning Repository",
url = "http://archive.ics.uci.edu/ml",
institution = "University of California, Irvine, School of Information and Computer Sciences" } 

@article{HaijanD13,
  title={A methodology for direct and indirect discrimination prevention in data mining},
  author={Hajian, Sara and Domingo-Ferrer, Josep},
  journal={Knowledge and Data Engineering, IEEE Transactions on},
  volume={25},
  number={7},
  pages={1445--1459},
  year={2013}
}

@inproceedings{DworkHPR12,
  title={Fairness through awareness},
  author={Dwork, Cynthia and Hardt, Moritz and Pitassi, Toniann and Reingold, Omer and Zemel, Richard},
  booktitle={Proceedings of the 3rd Innovations in Theoretical Computer Science Conference},
  pages={214--226},
  year={2012},
  organization={ACM}
}

@article{SchapireFBL98,
  title={Boosting the margin: A new explanation for the effectiveness of voting methods},
  author={Schapire, Robert E and Freund, Yoav and Bartlett, Peter and Lee, Wee Sun},
  journal={Annals of statistics},
  pages={1651--1686},
  year={1998},
  publisher={JSTOR}
}

@inproceedings{ZemelWSPD13,
  title={Learning fair representations},
  author={Zemel, Rich and Wu, Yu and Swersky, Kevin and Pitassi, Toni and Dwork, Cynthia},
  booktitle={Proceedings of the 30th International Conference on Machine Learning (ICML-13)},
  pages={325--333},
  year={2013}
}

@inproceedings{KamiranC09,
  title={Classifying without discriminating},
  author={Kamiran, Faisal and Calders, Toon},
  booktitle={Computer, Control and Communication, 2009. IC4 2009. 2nd International Conference on},
  pages={1--6},
  year={2009},
  organization={IEEE}
}

@inproceedings{KamashimaAS11,
  title={Fairness-aware learning through regularization approach},
  author={Kamishima, Toshihiro and Akaho, Shotaro and Sakuma, Jun},
  booktitle={Data Mining Workshops (ICDMW), 2011 IEEE 11th International Conference on},
  pages={643--650},
  year={2011},
  organization={IEEE}
}

@article{AngluinL87,
  author    = {Dana Angluin and
               Philip D. Laird},
  title     = {Learning From Noisy Examples},
  journal   = {Machine Learning},
  volume    = {2},
  number    = {4},
  pages     = {343--370},
  year      = {1987}
}

@book{SchapireF12,
  title={Boosting: Foundations and algorithms},
  author={Schapire, Robert E and Freund, Yoav},
  year={2012},
  publisher={MIT press}
}

@article{CortesV95,
  title={Support-vector networks},
  author={Cortes, Corinna and Vapnik, Vladimir},
  journal={Machine learning},
  volume={20},
  number={3},
  pages={273--297},
  year={1995},
  publisher={Springer}
}

@inproceedings{BoserGV92,
  title={A training algorithm for optimal margin classifiers},
  author={Boser, Bernhard E and Guyon, Isabelle M and Vapnik, Vladimir N},
  booktitle={Proceedings of the fifth annual workshop on Computational learning theory},
  pages={144--152},
  year={1992},
  organization={ACM}
}

@article{CaldersV10,
  title={Three naive Bayes approaches for discrimination-free classification},
  author={Calders, Toon and Verwer, Sicco},
  journal={Data Mining and Knowledge Discovery},
  volume={21},
  number={2},
  pages={277--292},
  year={2010},
  publisher={Springer}
}

@inproceedings{KamiranCP10,
  title={Discrimination aware decision tree learning},
  author={Kamiran, Faisal and Calders, Toon and Pechenizkiy, Mykola},
  booktitle={Data Mining (ICDM), 2010 IEEE 10th International Conference on},
  pages={869--874},
  year={2010},
  organization={IEEE}
}

@incollection{KamishimaAAS12,
  title={Fairness-aware classifier with prejudice remover regularizer},
  author={Kamishima, Toshihiro and Akaho, Shotaro and Asoh, Hideki and Sakuma, Jun},
  booktitle={Machine Learning and Knowledge Discovery in Databases},
  pages={35--50},
  year={2012},
  publisher={Springer}
}

@book{HastieTF09,
  title={The elements of statistical learning},
  author={Hastie, Trevor and Tibshirani, Robert and Friedman, Jerome},
  volume={2},
  number={1},
  year={2009},
  publisher={Springer}
}

@article{FriedlerSV14,
  title={Certifying and removing disparate impact},
  author={Friedler, Sorelle and Scheidegger, Carlos and Venkatasubramanian, Suresh},
  journal={arXiv preprint arXiv:1412.3756},
  year={2014}
}

@article{RomeiR14,
  title={A multidisciplinary survey on discrimination analysis},
  author={Romei, Andrea and Ruggieri, Salvatore},
  journal={The Knowledge Engineering Review},
  volume={29},
  number={05},
  pages={582--638},
  year={2014},
  publisher={Cambridge Univ Press}
}



