@article{FreundS97,
  author    = {Yoav Freund and
               Robert E. Schapire},
  title     = {A Decision-Theoretic Generalization of On-Line Learning and an Application
               to Boosting},
  journal   = {J. Comput. Syst. Sci.},
  volume    = {55},
  number    = {1},
  pages     = {119--139},
  year      = {1997}
}

@misc{UCIAdult,
author = "M. Lichman",
year = "2013",
title = "{UCI} Machine Learning Repository, Census Income Data Set",
url = "http://archive.ics.uci.edu/ml",
institution = "University of California, Irvine, School of Information and Computer Sciences"}

@article{HaijanD13,
  title={A methodology for direct and indirect discrimination prevention in data mining},
  author={Hajian, Sara and Domingo-Ferrer, Josep},
  journal={Knowledge and Data Engineering, IEEE Transactions on},
  volume={25},
  number={7},
  pages={1445--1459},
  year={2013}
}

@inproceedings{DworkHPR12,
  title={Fairness through awareness},
  author={Dwork, Cynthia and Hardt, Moritz and Pitassi, Toniann and Reingold, Omer and Zemel, Richard},
  booktitle={Proceedings of the 3rd Innovations in Theoretical Computer Science Conference},
  pages={214--226},
  year={2012},
  organization={ACM}
}

@article{SchapireFBL98,
  title={Boosting the margin: A new explanation for the effectiveness of voting methods},
  author={Schapire, Robert E and Freund, Yoav and Bartlett, Peter and Lee, Wee Sun},
  journal={Annals of statistics},
  pages={1651--1686},
  year={1998},
  publisher={JSTOR}
}

@inproceedings{ZemelWSPD13,
  title={Learning fair representations},
  author={Zemel, Rich and Wu, Yu and Swersky, Kevin and Pitassi, Toni and Dwork, Cynthia},
  booktitle={Proceedings of the 30th International Conference on Machine Learning (ICML-13)},
  pages={325--333},
  year={2013}
}

@inproceedings{KamiranC09,
  title={Classifying without discriminating},
  author={Kamiran, Faisal and Calders, Toon},
  booktitle={Computer, Control and Communication, 2009. IC4 2009. 2nd International Conference on},
  pages={1--6},
  year={2009},
  organization={IEEE}
}

@inproceedings{KamashimaAS11,
  title={Fairness-aware learning through regularization approach},
  author={Kamishima, Toshihiro and Akaho, Shotaro and Sakuma, Jun},
  booktitle={Data Mining Workshops (ICDMW), 2011 IEEE 11th International Conference on},
  pages={643--650},
  year={2011},
  organization={IEEE}
}

@article{AngluinL87,
  author    = {Dana Angluin and
               Philip D. Laird},
  title     = {Learning From Noisy Examples},
  journal   = {Machine Learning},
  volume    = {2},
  number    = {4},
  pages     = {343--370},
  year      = {1987}
}
