@article{AharoniMP90,
  author    = {Ron Aharoni and
               E. C. Milner and
               Karel Prikry},
  title     = {Unfriendly partitions of a graph},
  journal   = {J. Comb. Theory, Ser. B},
  volume    = {50},
  number    = {1},
  year      = {1990},
  pages     = {1-10},
  ee        = {http://dx.doi.org/10.1016/0095-8956(90)90092-E},
  bibsource = {DBLP, http://dblp.uni-trier.de}
}


@article{BazganTV08,
  author    = {Cristina Bazgan and
               Zsolt Tuza and
               Daniel Vanderpooten},
  title     = {Approximation of satisfactory bisection problems},
  journal   = {J. Comput. Syst. Sci.},
  volume    = {74},
  number    = {5},
  year      = {2008},
  pages     = {875-883},
  ee        = {http://dx.doi.org/10.1016/j.jcss.2007.12.001},
  bibsource = {DBLP, http://dblp.uni-trier.de}
}

@article{BazganTV10,
  author    = {Cristina Bazgan and
               Zsolt Tuza and
               Daniel Vanderpooten},
  title     = {Satisfactory graph partition, variants, and generalizations},
  journal   = {European Journal of Operational Research},
  volume    = {206},
  number    = {2},
  year      = {2010},
  pages     = {271-280},
  ee        = {http://dx.doi.org/10.1016/j.ejor.2009.10.019},
  bibsource = {DBLP, http://dblp.uni-trier.de}
}

@article{BramoulleLGV04,
  author    = {Yann Bramoull{\'e} and
               Dunia L{\'o}pez-Pintado and
               Sanjeev Goyal and
               Fernando Vega-Redondo},
  title     = {Network formation and anti-coordination games},
  journal   = {Int. J. Game Theory},
  volume    = {33},
  number    = {1},
  year      = {2004},
  pages     = {1-19},
  ee        = {http://dx.doi.org/10.1007/s001820400178},
  bibsource = {DBLP, http://dblp.uni-trier.de}
}

@article{BruhnDGS10,
  author    = {Henning Bruhn and
               Reinhard Diestel and
               Agelos Georgakopoulos and
               Philipp Spr{\"u}ssel},
  title     = {Every rayless graph has an unfriendly partition},
  journal   = {Combinatorica},
  volume    = {30},
  number    = {5},
  year      = {2010},
  pages     = {521-532},
  ee        = {http://dx.doi.org/10.1007/s00493-010-2590-3},
  bibsource = {DBLP, http://dblp.uni-trier.de}
}


@article{CaoY12a,
  author    = {Zhigang Cao and
               Xiaoguang Yang},
  title     = {The Fashion Game: Matching Pennies On Social Networks},
  journal   = {SSRN},
  year      = {2012}
}

@article{CaoY12b,
  author    = {Zhigang Cao and
               Xiaoguang Yang},
  title     = {A note on anti-coordination and social interactions},
  journal   = {CoRR},
  volume    = {abs/1201.0410},
  year      = {2012},
  ee        = {http://arxiv.org/abs/1201.0410},
  bibsource = {DBLP, http://dblp.uni-trier.de}
}

@inproceedings{ChaudhuriGJ08,
  author    = {Kamalika Chaudhuri and
               Fan Chung Graham and
               Mohammad Shoaib Jamall},
  title     = {A Network Coloring Game},
  booktitle = {WINE},
  year      = {2008},
  pages     = {522-530},
  ee        = {http://dx.doi.org/10.1007/978-3-540-92185-1_58},
  bibsource = {DBLP, http://dblp.uni-trier.de}
}

@unpublished{CowanE,
  author	= {Robert Cowen and William Emerson},
  title	= {Proportional colorings of graphs},
  note	= {unpublished}
}

@inproceedings{ElsasserT11,
  author    = {Robert Els{\"a}sser and
               Tobias Tscheuschner},
  title     = {Settling the Complexity of Local Max-Cut (Almost) Completely},
  booktitle = {ICALP (1)},
  year      = {2011},
  pages     = {171-182},
  ee        = {http://dx.doi.org/10.1007/978-3-642-22006-7_15},
  bibsource = {DBLP, http://dblp.uni-trier.de}
}


@inproceedings{EscoffierGM10,
  author    = {Bruno Escoffier and
               Laurent Gourv{\`e}s and
               J{\'e}r{\^o}me Monnot},
  title     = {Strategic Coloring of a Graph},
  booktitle = {CIAC},
  year      = {2010},
  pages     = {155-166},
  ee        = {http://dx.doi.org/10.1007/978-3-642-13073-1_15},
  bibsource = {DBLP, http://dblp.uni-trier.de}
}

@book{GareyJ79,
 author = {Garey, Michael R. and Johnson, David S.},
 title = {Computers and Intractability: A Guide to the Theory of NP-Completeness},
 year = {1979},
 isbn = {0716710447},
 publisher = {W. H. Freeman \& Co.},
 address = {New York, NY, USA},
} 

@article{KearnsSM06,
    author = {Michael Kearns and Siddharth Suri and Nick Montfort},
    title = {A behavioral study of the coloring problem on human subject networks},
    journal = {Science},
    year = {2006},
    volume = {313},
    pages = {2006}
}

@inproceedings{MonienT10,
  author    = {Burkhard Monien and
               Tobias Tscheuschner},
  title     = {On the Power of Nodes of Degree Four in the Local Max-Cut
               Problem},
  booktitle = {CIAC},
  year      = {2010},
  pages     = {264-275},
  ee        = {http://dx.doi.org/10.1007/978-3-642-13073-1_24},
  bibsource = {DBLP, http://dblp.uni-trier.de}
}

@inproceedings{NaorS93,
   author = {Naor, Moni and Stockmeyer, Larry},
   title = {What can be computed locally?},
   booktitle = {Proceedings of the twenty-fifth annual ACM symposium on Theory of computing},
   series = {STOC '93},
   year = {1993},
   isbn = {0-89791-591-7},
   location = {San Diego, California, USA},
   pages = {184--193},
   numpages = {10},
   url = {http://doi.acm.org/10.1145/167088.167149},
   doi = {10.1145/167088.167149},
   acmid = {167149},
   publisher = {ACM},
   address = {New York, NY, USA},
} 

@article{ShafiqueD09,
  author    = {Khurram Shafique and
               Ronald D. Dutton},
  title     = {Partitioning a graph into alliance free sets},
  journal   = {Discrete Mathematics},
  volume    = {309},
  number    = {10},
  year      = {2009},
  pages     = {3102-3105},
  ee        = {http://dx.doi.org/10.1016/j.disc.2008.08.011},
  bibsource = {DBLP, http://dblp.uni-trier.de}
}

@article{ShelahM90,
  author	= {Saharon Shelah and E. C. Milner},
  title	= {Graphs with no unfriendly partitions},
  journal	= {A tribute to Paul Erd{\"o}s},
  publisher	= {Cambridge University Press},
  location =	{Cambridge},
  year = 	{1990},
  pages =	{ 373-384}
}

@article{vandenHeuvel98,
 author = {van den Heuvel, J. and Leese, R. A. and Shepherd, M. A.},
 title = {Graph labeling and radio channel assignment},
 journal = {J. Graph Theory},
 issue_date = {December 1998},
 volume = {29},
 number = {4},
 month = dec,
 year = {1998},
 issn = {0364-9024},
 pages = {263--283},
 numpages = {21},
 url = {http://dx.doi.org/10.1002/(SICI)1097-0118(199812)29:4\<\>1.0.CO;2-A},
 doi = {10.1002/(SICI)1097-0118(199812)29:4\<\>1.0.CO;2-A},
 acmid = {1379176},
 publisher = {John Wiley \& Sons, Inc.},
 address = {New York, NY, USA},
} 