@article{AngluinACW2009,
 author = {Dana Angluin and James Aspnes and Jiang Chen and Yinghua Wu},
 title = {Learning a circuit by injecting values},
 journal = {J. Comput. System Sci.},
 month = jan,
 year = {2009},
 pages = {60--77},
 volume = 75,
 number = 1,
 }

@article{jAngluinACR08,
  author    = {Dana Angluin and
               James Aspnes and
               Jiang Chen and
               Lev Reyzin},
  title     = {Learning large-alphabet and analog circuits with value injection
               queries},
  journal   = {Mach. Learn.},
  volume    = {72},
  number    = {1-2},
  year      = {2008},
  pages     = {113-138}
}

@article{jAngluinACER09,
author = {Dana Angluin and James Aspnes and Jiang Chen and David Eisenstat and Lev Reyzin},
title = {Learning acyclic probabilistic circuits using test paths},
month=aug,
year = 2009,
journal = {J. Mach. Learn. Res.},
pages = {1881--1911},
volume = 10,
number = {Aug}
}

@inproceedings{KempeKT03,
 author = {Kempe, David and Kleinberg, Jon and Tardos, \'{E}va},
 title = {Maximizing the Spread of Influence Through a Social Network},
 booktitle = {Proceedings of the Ninth ACM SIGKDD},
 year = {2003},
 pages = {137--146},
} 

@article{AngluinAR10,
  author    = {Dana Angluin and
               James Aspnes and
               Lev Reyzin},
  title     = {Optimally learning social networks with activations and
               suppressions},
  journal   = {Theor. Comput. Sci.},
  volume    = {411},
  number    = {29-30},
  year      = {2010},
  pages     = {2729-2740},
}